@incollection{joseph2018kick,
  title={Kick-Starting Robot Programming Using ROS},
  author={Wikilibros},
  booktitle={Robot Operating System (ROS) for Absolute Beginners},
  pages={127--170},
  year={2018},
  publisher={Springer}
}